@inproceedings{Tan2009,
  doi = {10.1109/icctd.2009.188},
  url = {https://doi.org/10.1109/icctd.2009.188},
  year = {2009},
  publisher = {{IEEE}},
  author = {Phit-Huan Tan and Choo-Yee Ting and Siew-Woei Ling},
  title = {Learning Difficulties in Programming Courses: Undergraduates{\textquotesingle} Perspective and Perception},
  booktitle = {2009 International Conference on Computer Technology and Development}
}
